@misc{ayachit2012paraview,
  title={The ParaView Visualization Application.},
  author={Ayachit, Utkarsh and Geveci, Berk and Moreland, Kenneth and Patchett, John and Ahrens, Jim},
  year={2012}
}
